@book{cap_psi1,
  author      = "Albertas Čaplinskas",
  title       = "Programų sistemų inžinerijos pagrindai",
  publisher   = "{Matematikos ir Informatikos institutas}",
  year        = "1996",
  volume      = "I"
  }

@book{cap_psi2,
  author      = "Albertas Čaplinskas",
  title       = "Programų sistemų inžinerijos pagrindai",
  publisher   = "{Matematikos ir Informatikos institutas}",
  year        = "1998",
  volume      = "II"
  }
